@article{Matzka2021Kp,
  year    = {2021},
  author  = {Matzka, J. and Stolle, C. and Yamazaki, Y. and Bronkalla, O. and Morschhauser, A.},
  title   = {The Geomagnetic Kp Index and Derived Indices of Geomagnetic Activity},
  journal = {Space Weather},
  doi     = {10.1029/2020SW002641}
}

@article{Emmert2020NRLMSIS2,
  year    = {2020},
  author  = {Emmert, J. T. and Drob, D. P. and Picone, J. M. and Siskind, D. E. and Jones, M. and Mlynczak, M. G. and Stevens, M. H. and Sassi, F. and Huba, J. D. and Crowley, G. and Conde, M. and Doornbos, E. and Forbes, J. M. and Hackert, C. L. and Immel, T. J. and Lu, G. and Makela, J. J. and Mannucci, A. J. and Qian, L. and Schmidt, H. and Schoendorf, J. and Viereck, R. A.},
  title   = {{NRLMSIS 2.0: A whole-atmosphere empirical model of temperature and neutral species densities}},
  journal = {{Earth and Space Science}},
  doi     = {10.1029/2020EA001321}
}

@article{Emmert2022NRLMSIS21,
  year    = {2022},
  author  = {Emmert, J. T. and Jones, M. and Siskind, D. E. and Drob, D. P. and Picone, J. M. and Stevens, M. H. and Meier, R. R. and Bernath, P. F. and Boone, C. D. and McLinden, C. A.},
  title   = {{NRLMSIS 2.1: An Empirical Model of Nitric Oxide Incorporated Into MSIS}},
  journal = {Journal of Geophysical Research: Space Physics},
  doi     = {10.1029/2022JA030896}
}

@article{Licata2022MSISUQ,
  year    = {2022},
  author  = {Licata, R. J. and Mehta, P. M. and Weimer, D. R. and Tobiska, W. K. and Yoshii, J.},
  title   = {{MSIS-UQ: Calibrated and Enhanced NRLMSIS 2.0 Model With Uncertainty Quantification}},
  journal = {Space Weather},
  doi     = {10.1029/2022SW003267}
}

@article{Briden2023,
  year    = {2023},
  month   = Sept,
  author  = {Julia Briden and Peng Mun Siew and Victor Rodriguez-Fernandez and Richard Linares},
  title   = {Transformer-based Atmospheric Density Forecasting},
  journal = {Advanced Maui Optical and Space Surveillance (AMOS) Technologies Conference},
  url     = {https://arxiv.org/abs/2310.16912}
}

@article{Ke2017lightgbm,
  year    = {2017},
  author  = {Ke, Guolin and Meng, Qi and Finley, Thomas and Wang, Taifeng and Chen, Wei and Ma, Weidong and Ye, Qiwei and Liu, Tie-Yan},
  title   = {{LightGBM: A highly efficient gradient boosting decision tree}},
  journal = {Advances in neural information processing systems},
  volume  = {30},
  pages   = {3146--3154},
  doi     = {10.5555/3294996.3295074}
}

@software{Lucas2022pymsis,
  year   = {2022},
  author = {Lucas, G.},
  title  = {{pymsis}},
  note   = {Computer software},
  doi    = {10.5281/zenodo.5348502}
}

@misc{CelesTrak,
  title        = {{CelesTrak}},
  howpublished = {\url{https://celestrak.org/SpaceData/}}
}

@misc{stormAI,
  title        = {{STORM-AI Dataset}},
  howpublished = {\url{https://2025-ai-challenge.readthedocs.io/en/latest/dataset.html}}
}

@misc{OMNI2,
  title        = {{OMNI2 space weather dataset (NASA Goddard Space Flight Center)}},
  howpublished = {\url{https://omniweb.gsfc.nasa.gov/form/dx1.html}}
}

@misc{SWARM,
  title        = {{SWARM dataset (ESA)}},
  howpublished = {\url{https://earth.esa.int/eogateway/missions/swarm}}
}